@article{knuth84,
  author = {Knuth, Donald E.},
  title = {Literate Programming},
  year = {1984},
  issue_date = {May 1984},
  publisher = {Oxford University Press, Inc.},
  address = {USA},
  volume = {27},
  number = {2},
  issn = {0010-4620},
  url = {https://doi.org/10.1093/comjnl/27.2.97},
  doi = {10.1093/comjnl/27.2.97},
  journal = {Comput. J.},
  month = may,
  pages = {97–111},
  numpages = {15}
}

@book{Campbell2011,
  author = {Campbell, J. B. and Wynne, R. H.},
  year = {2011},
  title = {Introduction to Remote Sensing},
  edition = {5},
  publisher = {Guilford Press}
}

@book{Schowengerdt2007,
  author = {Schowengerdt, R. A.},
  year = {2007},
  title = {Remote Sensing: Models and Methods for Image Processing},
  edition = {3},
  publisher = {Academic Press}
}

@book{Jensen2009,
  author = {Jensen, J. R.},
  year = {2009},
  title = {Remote Sensing of the Environment: An Earth Resource Perspective},
  edition = {2},
  publisher = {Pearson Education India}
}

@article{amitrano2024,
  title={Flood Detection with SAR: A Review of Techniques and Datasets},
  author={Amitrano, Donato and Di Martino, Gerardo and Di Simone, Alessio and Imperatore, Pasquale},
  journal={Remote Sensing},
  volume={16},
  number={4},
  pages={656},
  year={2024},
  publisher={MDPI},
  doi={10.3390/rs16040656}
}

@article{twele2016,
  title={Sentinel-1-based flood mapping: A fully automated processing chain},
  author={Twele, André and Cao, Weiguo and Plank, Simon and Martinis, Sandro},
  journal={International Journal of Remote Sensing},
  volume={37},
  number={13},
  pages={2990--3004},
  year={2016},
  publisher={Taylor & Francis},
  doi={10.1080/01431161.2016.1192304}
}

@article{gorelick2017,
  title={Google Earth Engine: Planetary-scale geospatial analysis for everyone},
  author={Gorelick, Noel and Hancher, Matt and Dixon, Mike and Ilyushchenko, Simon and Thau, David and Moore, Rebecca},
  journal={Remote Sensing of Environment},
  volume={202},
  pages={18--27},
  year={2017},
  publisher={Elsevier},
  doi={10.1016/j.rse.2017.06.031}
}

@article{zhu2014,
  title={Continuous change detection and classification of land cover using all available Landsat data},
  author={Zhu, Zhe and Woodcock, Curtis E},
  journal={Remote Sensing of Environment},
  volume={144},
  pages={152--171},
  year={2014},
  publisher={Elsevier},
  doi={10.1016/j.rse.2014.01.011}
}

@article{song2001,
  title={Classification and change detection using Landsat TM data: When and how to correct atmospheric effects?},
  author={Song, Conghe and Woodcock, Curtis E and Seto, Karen C and Lenney, Mary P and Macomber, Scott A},
  journal={Remote Sensing of Environment},
  volume={75},
  number={2},
  pages={230--244},
  year={2001},
  publisher={Elsevier},
  doi={10.1016/S0034-4257(00)00169-3}
}

@article{roy2016,
  title={The collection 5 MODIS burned area product—Global evaluation by comparison with the MODIS active fire product},
  author={Roy, David P and Boschetti, Luigi and Justice, Christopher O and Ju, Jinzhong},
  journal={Remote Sensing of Environment},
  volume={112},
  number={9},
  pages={3690--3707},
  year={2016},
  publisher={Elsevier},
  doi={10.1016/j.rse.2008.05.013}
}

@article{lefebvre2016,
  title={Monitoring Urban Areas with Sentinel-2A Data: Application to the Update of the Copernicus High Resolution Layer Imperviousness Degree},
  author={Lefebvre, Antoine and Sannier, Christophe and Corpetti, Thomas},
  journal={Remote Sensing},
  volume={8},
  number={7},
  pages={606},
  year={2016},
  publisher={MDPI},
  doi={10.3390/rs8070606}
}


